<record><leader>00000cas a22000007a 4500</leader><controlfield tag="001">17971186</controlfield><controlfield tag="008">880518d18921910nduwr ne      0    0eng d</controlfield><datafield ind1=" " ind2=" " tag="010"><subfield code="a">sn 88076031 </subfield></datafield><datafield ind1=" " ind2=" " tag="040"><subfield code="a">NOP</subfield><subfield code="b">eng</subfield><subfield code="c">NOP</subfield><subfield code="d">OCLCQ</subfield></datafield><datafield ind1=" " ind2=" " tag="042"><subfield code="a">msc</subfield></datafield><datafield ind1="0" ind2="0" tag="245"><subfield code="a">Dickinson recorder.</subfield></datafield><datafield ind1=" " ind2=" " tag="260"><subfield code="a">Dickinson, N.D. :</subfield><subfield code="b">W.A. Carter</subfield></datafield><datafield ind1=" " ind2=" " tag="300"><subfield code="a">v :</subfield><subfield code="b">ill. ;</subfield><subfield code="c">51-61 cm.</subfield></datafield><datafield ind1=" " ind2=" " tag="310"><subfield code="a">Weekly</subfield></datafield><datafield ind1="1" ind2=" " tag="362"><subfield code="a">Began in 1892; ceased in 1910.</subfield></datafield><datafield ind1=" " ind2=" " tag="500"><subfield code="a">"Official paper of Billings County."</subfield></datafield><datafield ind1=" " ind2=" " tag="530"><subfield code="a">Available on microfilm from the State Historical Society of North Dakota.</subfield></datafield><datafield ind1=" " ind2=" " tag="588"><subfield code="a">Description based on: Vol. 5, no. 4 (Feb. 27, 1896).</subfield></datafield><datafield ind1=" " ind2=" " tag="752"><subfield code="a">United States</subfield><subfield code="b">North Dakota</subfield><subfield code="c">Stark</subfield><subfield code="d">Dickinson.</subfield></datafield><datafield ind1="0" ind2="7" tag="785"><subfield code="t">Post</subfield><subfield code="w">(DLC)sn 88076029</subfield></datafield><datafield ind1="0" ind2="7" tag="785"><subfield code="t">Recorder-post</subfield><subfield code="w">(DLC)sn 88076018</subfield></datafield></record>